<?xml version="1.0" encoding="UTF-8"?><collection xmlns="http://www.loc.gov/MARC21/slim"><record><leader>00698nam--2200193-i-4500</leader><controlfield tag="001">000002289</controlfield><controlfield tag="002">20161230</controlfield><controlfield tag="005">20161230201024</controlfield><controlfield tag="008">060222s1000------------r-----000-0-eng-d</controlfield><datafield ind1=" " ind2=" " tag="020"><subfield code="a">0720404819</subfield></datafield><datafield ind1=" " ind2=" " tag="040"><subfield code="a">IFIN-HH</subfield></datafield><datafield ind1=" " ind2=" " tag="080"><subfield code="a">539.141(061.3)</subfield></datafield><datafield ind1="1" ind2=" " tag="100"><subfield code="a">Mitra, Asoke N</subfield></datafield><datafield ind1="1" ind2="0" tag="245"><subfield code="a">Few body dynamics</subfield><subfield code="b">Proceedings of the vii international conference on few body problems in nuclear and particle physics (delhi, december 29, 1975 - january 3, 1976)</subfield><subfield code="c">Asoke n. mitra, ivo slaus, v.s. bhasin, v.k. gupta (eds.)</subfield></datafield><datafield ind1=" " ind2=" " tag="260"><subfield code="a">Amsterdam</subfield><subfield code="b">North-holland, Publishing Company</subfield><subfield code="c">1976</subfield></datafield><datafield ind1=" " ind2=" " tag="300"><subfield code="a">XXVI + 765 P</subfield></datafield><datafield ind1="1" ind2=" " tag="700"><subfield code="a">Gupta, V.K</subfield><subfield code="e">Ed</subfield></datafield><datafield ind1=" " ind2=" " tag="852"><subfield code="a">45433</subfield><subfield code="c">539.141</subfield></datafield><datafield ind1=" " ind2=" " tag="CAT"><subfield code="a">Sys</subfield><subfield code="c">20120418</subfield><subfield code="h">120423</subfield></datafield></record></collection>